<?xml version="1.0" encoding="UTF-8"?>
<OAI-PMH xmlns="http://www.openarchives.org/OAI/2.0/" xmlns:xsi="http://www.w3.org/2001/XMLSchema-instance" xsi:schemaLocation="http://www.openarchives.org/OAI/2.0/ http://www.openarchives.org/OAI/2.0/OAI-PMH.xsd">
<ListRecords>
<record>
<header status="updated">
<identifier>urm_publish:71286604670002121</identifier>
</header>
<metadata>
<record xmlns="http://www.loc.gov/MARC21/slim" xmlns:xsi="http://www.w3.org/2001/XMLSchema-instance" xsi:schemaLocation="http://www.loc.gov/MARC21/slim http://www.loc.gov/standards/marcxml/schema/MARC21slim.xsd" ><leader>01625cam a2200349 a 4500</leader><controlfield tag="005">20090831143742.0</controlfield><controlfield tag="008">861219s1985    ru a          00010 ruso </controlfield><controlfield tag="001">999579159302121</controlfield><datafield tag="010" ind1=" " ind2=" "><subfield code="a">   86155116 </subfield></datafield><datafield tag="020" ind1=" " ind2=" "><subfield code="c">12.60rub</subfield></datafield><datafield tag="035" ind1=" " ind2=" "><subfield code="a">(OCoLC)15108124</subfield></datafield><datafield tag="035" ind1=" " ind2=" "><subfield code="9">AGP0015UW</subfield></datafield><datafield tag="035" ind1=" " ind2=" "><subfield code="a">1144488</subfield></datafield><datafield tag="035" ind1=" " ind2=" "><subfield code="a">(WU)1144488-uwmadisondb</subfield></datafield><datafield tag="040" ind1=" " ind2=" "><subfield code="a">DLC</subfield><subfield code="b">eng</subfield><subfield code="c">DLC</subfield><subfield code="d">GZM</subfield></datafield><datafield tag="043" ind1=" " ind2=" "><subfield code="a">e-ur---</subfield></datafield><datafield tag="050" ind1="0" ind2=" "><subfield code="a">N6997.I27</subfield><subfield code="b">V9 1985</subfield></datafield><datafield tag="100" ind1="1" ind2=" "><subfield code="6">880-01</subfield><subfield code="a">Vygolov, Vsevolod Petrovich.</subfield><subfield code="2">LCNAMES</subfield><subfield code="0">41-LIBRARY_OF_CONGRESS-n  81084077</subfield><subfield code="9">Y</subfield></datafield><datafield tag="880" ind1="1" ind2="0"><subfield code="6">100-01/(N</subfield><subfield code="a">Выголов, Всеволод Петрович.</subfield></datafield><datafield tag="245" ind1="1" ind2="0"><subfield code="6">880-02</subfield><subfield code="a">I︠A︡roslavlʹ :</subfield><subfield code="b">pami︠a︡tniki arkhitektury i iskusstva /</subfield><subfield code="c">[avtor-sostavitelʹ V.P. Vygolov ; perevod na angliĭskiĭ i︠a︡zyk A.I. Ilʹf, V.S. Fridman].</subfield></datafield><datafield tag="880" ind1="1" ind2="0"><subfield code="6">245-02/(N</subfield><subfield code="a">Ярославль :</subfield><subfield code="b">памятники архитектуры и искусства /</subfield><subfield code="c">[автор-составитель В.П. Выголов ; перевод на английский язык А.И. Ильф, В.С. Фридман].</subfield></datafield><datafield tag="246" ind1="3" ind2=" "><subfield code="a">Yaroslavl.</subfield></datafield><datafield tag="264" ind1=" " ind2="1"><subfield code="6">880-03</subfield><subfield code="a">Moskva :</subfield><subfield code="b">"Sov. Rossii︠a︡",</subfield><subfield code="c">1985.</subfield></datafield><datafield tag="880" ind1="0" ind2="1"><subfield code="6">264-03/(N</subfield><subfield code="a">Москва :</subfield><subfield code="b">"Сов. Россия",</subfield><subfield code="c">1985.</subfield></datafield><datafield tag="300" ind1=" " ind2=" "><subfield code="a">325 pages :</subfield><subfield code="b">illustrations (some color) ;</subfield><subfield code="c">27 cm</subfield></datafield><datafield tag="336" ind1=" " ind2=" "><subfield code="a">text</subfield><subfield code="b">txt</subfield><subfield code="2">rdacontent</subfield></datafield><datafield tag="337" ind1=" " ind2=" "><subfield code="a">unmediated</subfield><subfield code="b">n</subfield><subfield code="2">rdamedia</subfield></datafield><datafield tag="338" ind1=" " ind2=" "><subfield code="a">volume</subfield><subfield code="b">nc</subfield><subfield code="2">rdacarrier</subfield></datafield><datafield tag="500" ind1=" " ind2=" "><subfield code="a">Title on added t.p.: Yaroslavl.</subfield></datafield><datafield tag="650" ind1=" " ind2="0"><subfield code="a">Art, Russian</subfield><subfield code="z">Russia (Federation)</subfield><subfield code="z">I︠A︡roslavlʹ (I︠A︡roslavskai︠a︡ oblastʹ)</subfield></datafield><datafield tag="651" ind1=" " ind2="0"><subfield code="a">I︠A︡roslavlʹ (I︠A︡roslavskai︠a︡ oblastʹ, Russia)</subfield><subfield code="x">Buildings, structures, etc.</subfield></datafield><datafield tag="100" ind1="1" ind2=" "><subfield code="a">Vygolov, V. P.</subfield><subfield code="q">(Vsevolod Petrovich)</subfield><subfield code="2">LCNAMES</subfield><subfield code="0">41-LIBRARY_OF_CONGRESS-n  81084077</subfield><subfield code="9">N</subfield></datafield><datafield tag="100" ind1="1" ind2=" "><subfield code="a">Vygolov, V.</subfield><subfield code="q">(Vsevolod)</subfield><subfield code="2">LCNAMES</subfield><subfield code="0">41-LIBRARY_OF_CONGRESS-n  81084077</subfield><subfield code="9">N</subfield></datafield><datafield tag="100" ind1="1" ind2=" "><subfield code="a">Выголов, Всеволод Петрович</subfield><subfield code="2">LCNAMES</subfield><subfield code="0">41-LIBRARY_OF_CONGRESS-n  81084077</subfield><subfield code="9">N</subfield></datafield><datafield tag="INST" ind1=" " ind2=" "><subfield code="a">01UWI_NETWORK</subfield><subfield code="b">P</subfield><subfield code="c">71286604670002121</subfield></datafield><datafield tag="INST" ind1=" " ind2=" "><subfield code="a">01UWI_MAD</subfield><subfield code="b">P</subfield><subfield code="c">21517706330002122</subfield></datafield><datafield tag="AVA" ind1=" " ind2=" "><subfield code="0">9911444883602122</subfield><subfield code="8">22854728920002122</subfield><subfield code="a">01UWI_MAD</subfield><subfield code="b">REMOTE</subfield><subfield code="c">by request only</subfield><subfield code="d">N6997 I27 V9 1985</subfield><subfield code="e">available</subfield><subfield code="f">1</subfield><subfield code="g">0</subfield><subfield code="j">vsf</subfield><subfield code="k">0</subfield><subfield code="p">1</subfield><subfield code="q">Verona Shelving Facility</subfield></datafield><datafield tag="MMS" ind1=" " ind2=" "><subfield code="b">999579159302121</subfield><subfield code="a">01UWI_NETWORK</subfield></datafield><datafield tag="MMS" ind1=" " ind2=" "><subfield code="b">9911444883602122</subfield><subfield code="a">01UWI_MAD</subfield></datafield></record>
</metadata>
</record>
</ListRecords>
</OAI-PMH>